<record><leader>00000cas a2200000 a 4500</leader><controlfield tag="001">9355829</controlfield><controlfield tag="008">830329d18361921maudr ne      0   a0eng c</controlfield><datafield ind1=" " ind2=" " tag="010"><subfield code="a">sn 83045175 </subfield></datafield><datafield ind1=" " ind2=" " tag="040"><subfield code="a">CRL</subfield><subfield code="b">eng</subfield><subfield code="c">CRL</subfield><subfield code="d">NPW</subfield><subfield code="d">NPX</subfield><subfield code="d">NPY</subfield><subfield code="d">NPU</subfield><subfield code="d">NPX</subfield><subfield code="d">DLC</subfield><subfield code="d">NPA</subfield><subfield code="d">YOX</subfield><subfield code="d">MFN</subfield><subfield code="d">MGN</subfield><subfield code="d">CRL</subfield><subfield code="d">CNK</subfield><subfield code="d">CRL</subfield><subfield code="d">MGN</subfield><subfield code="d">NVK</subfield><subfield code="d">NVF</subfield><subfield code="d">TGN</subfield><subfield code="d">DLC</subfield><subfield code="d">OCL</subfield><subfield code="d">CVF</subfield><subfield code="d">DLC</subfield><subfield code="d">KRTAS</subfield><subfield code="d">CUI</subfield><subfield code="d">DLC</subfield><subfield code="d">OCLCQ</subfield><subfield code="d">OCLCF</subfield><subfield code="d">OCLCO</subfield></datafield><datafield ind1="1" ind2=" " tag="029"><subfield code="a">AU@</subfield><subfield code="b">000020128295</subfield></datafield><datafield ind1=" " ind2=" " tag="042"><subfield code="a">pcc</subfield></datafield><datafield ind1=" " ind2=" " tag="043"><subfield code="a">n-us-ma</subfield></datafield><datafield ind1="0" ind2="0" tag="050"><subfield code="a">Newspaper</subfield></datafield><datafield ind1="0" ind2=" " tag="130"><subfield code="a">Boston daily advertiser (Boston, Mass. : 1836)</subfield></datafield><datafield ind1="1" ind2="0" tag="245"><subfield code="a">Boston daily advertiser.</subfield></datafield><datafield ind1="1" ind2=" " tag="246"><subfield code="i">Published on Sunday as:</subfield><subfield code="a">Boston advertiser</subfield><subfield code="f">&lt;Nov. 18, 1917&gt;</subfield></datafield><datafield ind1="1" ind2=" " tag="246"><subfield code="i">Published on Sunday as:</subfield><subfield code="a">Boston Sunday advertiser and American</subfield><subfield code="f">Dec. 2, 1917-June 29, 1919</subfield></datafield><datafield ind1="1" ind2=" " tag="246"><subfield code="i">Published on Sunday as:</subfield><subfield code="a">Boston Sunday advertiser</subfield><subfield code="f">July 6, 1919-1921</subfield></datafield><datafield ind1=" " ind2=" " tag="260"><subfield code="a">Boston, Mass. :</subfield><subfield code="b">Nathan Hale</subfield></datafield><datafield ind1=" " ind2=" " tag="300"><subfield code="a">v.</subfield></datafield><datafield ind1=" " ind2=" " tag="310"><subfield code="a">Daily</subfield></datafield><datafield ind1=" " ind2=" " tag="321"><subfield code="a">Daily (except Sun.),</subfield><subfield code="b">&lt;1860-1875&gt;</subfield></datafield><datafield ind1="0" ind2=" " tag="362"><subfield code="a">Vol. 42, no. 13686 (Jan. 1, 1836)-v. 218, no. 221 (Aug. 9, 1921).</subfield></datafield><datafield ind1=" " ind2=" " tag="515"><subfield code="a">Vol. 84, no. 132 (Dec. 5, 1854)-v. 157, no. 53 (Mar. 3, 1891) called also no. 12636-5056.</subfield></datafield><datafield ind1=" " ind2=" " tag="530"><subfield code="a">Also issued on microfilm from Graphic Microfilm of New England, and the Library of Congress, Photoduplication Service.</subfield></datafield><datafield ind1=" " ind2=" " tag="580"><subfield code="a">Semiweekly eds.: Independent chronicle &amp; Boston patriot (Boston, Mass. : Semiweekly), 1836-1840, and: Boston semi-weekly advertiser, 1840-&lt;1877&gt;, and: New England manufacturer, &lt;1881&gt;.</subfield></datafield><datafield ind1=" " ind2=" " tag="580"><subfield code="a">Weekly eds.: Boston weekly messenger (Boston, Mass. : 1833), 1836-1861, and: Boston daily advertiser (Boston, Mass. : Weekly), 1861-1864, and: Boston weekly advertiser (Boston, Mass. : 1864), 1864-1867, and: Thursday spectator, and Boston weekly advertiser, 1867-1869, and: Boston weekly spectator, 1869-1871, and: Boston weekly advertiser (Boston, Mass. : 1872), &lt;1874-1879&gt;.</subfield></datafield><datafield ind1=" " ind2="0" tag="651"><subfield code="a">Boston (Mass.)</subfield><subfield code="v">Newspapers.</subfield></datafield><datafield ind1=" " ind2="7" tag="655"><subfield code="a">Newspapers.</subfield><subfield code="2">fast</subfield><subfield code="0">(OCoLC)fst01423814</subfield></datafield><datafield ind1=" " ind2="7" tag="651"><subfield code="a">Massachusetts</subfield><subfield code="z">Boston.</subfield><subfield code="2">fast</subfield><subfield code="0">(OCoLC)fst01205012</subfield></datafield><datafield ind1=" " ind2=" " tag="752"><subfield code="a">United States</subfield><subfield code="b">Massachusetts</subfield><subfield code="c">Suffolk</subfield><subfield code="d">Boston.</subfield></datafield><datafield ind1="1" ind2=" " tag="775"><subfield code="t">Independent chronicle &amp; Boston patriot (Boston, Mass. : Semiweekly)</subfield><subfield code="w">(DLC)sn 83021192</subfield><subfield code="w">(OCoLC)9881700</subfield></datafield><datafield ind1="1" ind2=" " tag="775"><subfield code="t">Boston semi-weekly advertiser</subfield><subfield code="w">(DLC)sn 83045273</subfield><subfield code="w">(OCoLC)2258533</subfield></datafield><datafield ind1="1" ind2=" " tag="775"><subfield code="t">New England manufacturer</subfield><subfield code="w">(DLC)sn 94055762</subfield><subfield code="w">(OCoLC)30406069</subfield></datafield><datafield ind1="1" ind2=" " tag="775"><subfield code="t">Boston weekly messenger (Boston, Mass. : 1833)</subfield><subfield code="w">(DLC)sn 83021311</subfield><subfield code="w">(OCoLC)10095534</subfield></datafield><datafield ind1="1" ind2=" " tag="775"><subfield code="t">Boston daily advertiser (Boston, Mass. : Weekly)</subfield><subfield code="w">(DLC)sn 83020954</subfield><subfield code="w">(OCoLC)9771083</subfield></datafield><datafield ind1="1" ind2=" " tag="775"><subfield code="t">Boston weekly advertiser (Boston, Mass. : 1864)</subfield><subfield code="w">(DLC)sn 83021245</subfield><subfield code="w">(OCoLC)10046971</subfield></datafield><datafield ind1="1" ind2=" " tag="775"><subfield code="t">Thursday spectator, and Boston weekly advertiser</subfield><subfield code="w">(DLC)sn 83021312</subfield><subfield code="w">(OCoLC)10095621</subfield></datafield><datafield ind1="1" ind2=" " tag="775"><subfield code="t">Boston weekly spectator</subfield><subfield code="w">(DLC)sn 83021313</subfield><subfield code="w">(OCoLC)10095646</subfield></datafield><datafield ind1="1" ind2=" " tag="775"><subfield code="t">Boston weekly advertiser (Boston, Mass. : 1872)</subfield><subfield code="w">(DLC)sn 83021314</subfield><subfield code="w">(OCoLC)10095686</subfield></datafield><datafield ind1="0" ind2="0" tag="780"><subfield code="t">Boston daily advertiser &amp; patriot</subfield><subfield code="w">(DLC)sn 83045166</subfield><subfield code="w">(OCoLC)9781575</subfield></datafield><datafield ind1="0" ind2="5" tag="780"><subfield code="t">Daily centinel and gazette</subfield><subfield code="w">(DLC)sn 83021274</subfield><subfield code="w">(OCoLC)10063897</subfield></datafield><datafield ind1="0" ind2="7" tag="785"><subfield code="t">Boston evening record</subfield><subfield code="w">(DLC)sn 84031444</subfield><subfield code="w">(OCoLC)11112015</subfield></datafield><datafield ind1="0" ind2="7" tag="785"><subfield code="t">Boston daily advertiser Boston record</subfield><subfield code="w">(DLC)sn 91057085</subfield><subfield code="w">(OCoLC)23937346</subfield></datafield><datafield ind1=" " ind2=" " tag="938"><subfield code="a">Kirtas Technologies, Inc.</subfield><subfield code="b">KRTS</subfield><subfield code="n">736377</subfield></datafield></record>